@book{sarndal2003model,
  title={Model assisted survey sampling},
  author={S{\"a}rndal, Carl-Erik and Swensson, Bengt and Wretman, Jan},
  year={2003},
  publisher={Springer Science \& Business Media}
}

@book{rojas2016estrategias,
  title={Estrategias de muestreo: dise{\~n}o de encuestas y estimaci{\'o}n de par{\'a}metros},
  author={Guti{\'e}rrez, H Andr{\'e}s},
  year={2016},
  publisher={Ediciones de la U}
}

@book{mastering,
  title={Mastering Shiny: Build Interactive Apps, Reports, and Dashboards Powered by R},
  author={Wickham, Hadley},
  year={2020},
  publisher={O'Reilly Media, Inc, USA }
}


@Article{surveyLumley,
  author={Lumley, Thomas},
  title={{Analysis of Complex Survey Samples}},
  journal={Journal of Statistical Software},
  year=2004,
  volume={9},
  number={i08},
  pages={},
  month={},
  keywords={},
  doi={http://hdl.handle.net/10.},
  abstract={ I present software for analysing complex survey samples in R. The sampling scheme can be explicitly described or represented by replication weights. Variance estimation uses either replication or linearisation.},
  url={https://ideas.repec.org/a/jss/jstsof/v009i08.html}
}

@Manual{ine, 
  title = {Ficha técnica Encuesta Continua de Hogares}, 
  author = {INE.}, 
  organization = {{División Estadísticas Sociodemográficas, Departamento Encuesta Continua de Hogares}}, 
  address = {Montevideo, Uruguay}, 
  year = {2020}, 
  url = {http://www.ine.gub.uy/encuesta-continua-de-hogares1}, 
  }
  
@unpublished{informeOPP,
  title = {Revisión de Indicadores del Observatorio Territorio Uruguay Estimación para Áreas Pequeñas}, 
  author = {{Coimbra, A., Goyeneche, J.J., Ferreira, J.P., Pittamiglio, M.}},
  year = {2020},
  note = {El objetivo de este trabajo es realizar una revisión crítica de los indicadores que reporta el OTU y generar una serie de instrumentos que garanticen la validez y confiabilidad estadística de los mismos.}
}  

@Manual{r, 
  title = {R: A Language and Environment for Statistical Computing},
    author = {{R Core Team}},
    organization = {R Foundation for Statistical Computing},
    address = {Vienna, Austria},
    year = {2020},
    url = {https://www.R-project.org/}, 
  }

@Misc{survey,
    author = {Thomas Lumley},
    year = {2020},
    title = {survey: analysis of complex survey samples},
    note = {R package version 4.0},
  }
  
@Manual{srvyr,
    title = {srvyr: 'dplyr'-Like Syntax for Summary Statistics of Survey Data},
    author = {Greg {Freedman Ellis}},
    year = {2020},
    note = {R package version 0.3.9},
    url = {https://CRAN.R-project.org/package=srvyr},
  }
  
@Manual{dplyr,
    title = {dplyr: A Grammar of Data Manipulation},
    author = {Hadley Wickham and Romain François and Lionel Henry and Kirill Müller},
    year = {2020},
    note = {R package version 0.8.5},
    url = {https://CRAN.R-project.org/package=dplyr},
  }
  
@Book{plotly,
    author = {Carson Sievert},
    title = {Interactive Web-Based Data Visualization with R, plotly, and shiny},
    publisher = {Chapman and Hall/CRC},
    year = {2020},
    isbn = {9781138331457},
    url = {https://plotly-r.com},
  }
  
@Manual{shiny,
    title = {shiny: Web Application Framework for R},
    author = {Winston Chang and Joe Cheng and JJ Allaire and Yihui Xie and Jonathan McPherson},
    year = {2020},
    note = {R package version 1.4.0.2},
    url = {https://CRAN.R-project.org/package=shiny},
  }
  
@misc{OTUpag,
    author    = "OTU",
    note      = "Observatorio Territorio Uruguay, Oficina de Planeamiento y Presupuesto",
    url       = "https://otu.opp.gub.uy/"
}  


@article{HT,
author = { D. G.   Horvitz  and  D. J.   Thompson },
title = {A Generalization of Sampling Without Replacement from a Finite Universe},
journal = {Journal of the American Statistical Association},
volume = {47},
number = {260},
year  = {1952},
publisher = {Taylor & Francis}
}


@book{Lumley,
author = {Lumley, Thomas S.},
title = {Complex Surveys: A Guide to Analysis Using R},
year = {2010},
isbn = {0470284307},
publisher = {Wiley Publishing}
}

@book{Hansen,
author = {{Hansen, M. H., Hurwitz, W. N., Madow, W. G.}},
title = {Sample Survey Methods and Theory},
volume = {I},
year = {1953},
publisher = {John Wiley and Sons, Inc.}
}


@book{Lohr,
author = {Lohr, S. L.},
title = {Sampling: design and analysis.},
edition = {Second},
year = {2009},
publisher = {Nelson Education.}

}

@mastersthesis{tesisJP,
author = {Ferreira, J. P.},
title= {Visualización de datos en encuestas públicas sobre indicadores de mercado laboral. },
year= {2020},
school = {Universidad europea Miguel de Cervantes}
}

  